<?xml version="1.0" encoding="UTF-8"?><collection><record><leader>08343ntm a2200613 a 4500</leader><controlfield tag="001">006805277</controlfield><controlfield tag="003">MiAaHDL</controlfield><controlfield tag="005">20190719000000.0</controlfield><controlfield tag="006">m        d        </controlfield><controlfield tag="007">cr bn ---auaua</controlfield><controlfield tag="008">090530m16801807xx            00| ||ara d</controlfield><datafield tag="035" ind1=" " ind2=" "><subfield code="a">(MiU)006805277</subfield></datafield><datafield tag="035" ind1=" " ind2=" "><subfield code="a">sdr-miu006805277</subfield></datafield><datafield tag="040" ind1=" " ind2=" "><subfield code="a">MiU</subfield><subfield code="c">MiU</subfield><subfield code="e">amremm</subfield></datafield><datafield tag="043" ind1=" " ind2=" "><subfield code="a">n-us-mi</subfield><subfield code="a">ff-----</subfield><subfield code="a">aw-----</subfield><subfield code="a">e-sp---</subfield></datafield><datafield tag="100" ind1="1" ind2=" "><subfield code="6">880-01</subfield><subfield code="a">Qaramānī, Aḥmad ibn Yūsuf,</subfield><subfield code="d">1532 or 1533-1611.</subfield></datafield><datafield tag="240" ind1="1" ind2="0"><subfield code="6">880-02</subfield><subfield code="a">Akhbār al-duwal wa-āthār al-uwal</subfield></datafield><datafield tag="245" ind1="1" ind2="0"><subfield code="6">880-03</subfield><subfield code="a">Kitāb Akhbār al-duwal wa-āthār al-uwal,</subfield><subfield code="f">[late 17th or early 18th century? and 1222, i.e. 1807 or 1808].</subfield></datafield><datafield tag="246" ind1="3" ind2=" "><subfield code="i">Edge title (tail):</subfield><subfield code="a">تاريخ القرماني</subfield></datafield><datafield tag="260" ind1=" " ind2=" "><subfield code="c">[1680-1723 and 1807 or 8].</subfield></datafield><datafield tag="300" ind1=" " ind2=" "><subfield code="a">269 leaves :</subfield><subfield code="b">paper ;</subfield><subfield code="c">278 x 185 (211 x 99 ; 345 x 145) mm.</subfield></datafield><datafield tag="500" ind1=" " ind2=" "><subfield code="a">Shelfmark: Ann Arbor, University of Michigan, Special Collections Library, Isl. Ms. 591</subfield></datafield><datafield tag="500" ind1=" " ind2=" "><subfield code="a">Origin: As appears in scribal colophon on p.538, transcription of added replacement section (p.357 to close) completed 1222 [1807 or 8]. As appears in preceding authorial colophon (also on p.538), composition completed 1 Muḥarram 1008 [ca. 24 July 1599]. Paper, hand, etc. suggest that bulk of codex (opening to p.356) copied in the late 17th or early 18th century. Ownership / purchase statement provides a terminus ante quem of 1723.</subfield></datafield><datafield tag="500" ind1=" " ind2=" "><subfield code="a">Accompanying materials: Acquisition slip from Yahuda.</subfield></datafield><datafield tag="500" ind1=" " ind2=" "><subfield code="a">Former shelfmark: From inscription on acquisitions slip, "IL 8" (likely supplied by Yahuda).</subfield></datafield><datafield tag="500" ind1=" " ind2=" "><subfield code="a">Binding: Cover entirely lost ; now resewn in blue thread, two stations (when later replacements added) ; leather core of tailband remains ; overall in poor condition with covers lost, tears, abrasion, staining and moisture damage to textblock, etc. ; housed in box for protection.</subfield></datafield><datafield tag="500" ind1=" " ind2=" "><subfield code="a">Support: European laid paper of at least three types ; mainly with 8 laid lines per cm. (horizontal), chain lines spaced 26-28 mm. apart (vertical), crown-star-crescent watermark (60 mm. tall, see p. 32, 50, etc.) and three crescents watermark (perpendicular to chains, 72 mm. long, see p.148, 150, etc.) ; opening bifolium carrying table of contents with 6 laid lines per cm. (horizontal), chain lines spaced 27-29 mm. apart (vertical), and crown-star-crescent watermark (75 mm. tall) ; replacements from p.357 to close on European laid paper with 7 laid lines per cm. (horizontal), chain lines spaced 30 mm. apart (vertical), letters arranged in a triangle "G G M" [?] , heavy and sturdy, scarcely burnished if at all ; quite soiled and stained.</subfield></datafield><datafield tag="500" ind1=" " ind2=" "><subfield code="a">Decoration: Keywords and section headings rubricated ; textual dividers in the form of red inverted commas and red discs.</subfield></datafield><datafield tag="500" ind1=" " ind2=" "><subfield code="a">Script: Naskh ; two main Turkish / 'Syrian' hands ; opening hand (mainly through p.356) initially quite small and compact, later (with change in layout to fewer lines per page) larger and more generously spaced, partially but irregularly seriffed with right-sloping head-serif on mainly lām and occasional free-standing alif, marked effect of tilt to the left, some elongation of horizontal strokes, pointing in distinct dots and strokes looking like reversed hamzah (occasionally for three dots) and inverted caret (mainly on qāf), mix of open and closed counters, lām alif wrapping to almost form a closed loop ; second main hand (from p.357 to close) showing influence of ruqʻah, rounded and compact, virtually serifless with only slight tilt to the left, pointing more in strokes, curvilinear descenders, many open counters, final nūn quite round with dot often set deep in the bowl.</subfield></datafield><datafield tag="500" ind1=" " ind2=" "><subfield code="a">Layout: Written in 23-33 lines per page.</subfield></datafield><datafield tag="500" ind1=" " ind2=" "><subfield code="a">Collation: I (2), V-4+I (10), 6 V(70), V-1+3 (82), 4 V(122), V-1 (131), V-3 (138), 13 V(268), 1 (269) ; chiefly quinions ; catchwords present ; foliation in black ink, Hindu-Arabic numerals ; pagination in pencil, Western numerals, supplied during digitization (includes added leaves).</subfield></datafield><datafield tag="500" ind1=" " ind2=" "><subfield code="a">Colophon: "Authorial," rectangular, reads "قال المؤلف ايضا كمله مؤلفه ولفقه مصنفه مع تزول البال وتمزع الحال وعامله بما يرتضيه فضلا وجمالا ... بما يفيضه عدلا وجمالا [جلالا] في صبحية نهار السبت مستهل محرم الحرام سنة ثمان بعد الالف من الهجرة النبوية على صاحبها افضل الصلاة واكمل التحية" ; "Scribal," triangular, reads "وكان الفراغ من نسخ هذا الكتاب المستطاب نهار الخميس المبارك ثاني عشري سنة اثنتان وعشرون ومائتان [كذا] والف كمل وختم بالخير المبارك امين"</subfield></datafield><datafield tag="500" ind1=" " ind2=" "><subfield code="a">Explicit: "حزى الله خير من تأمل تأليفي وقابل بالاغضاء نحوي وتصريفي فما لي شيء غير اني اختصرته ونقل كلام الناس من غير تعسيف"</subfield></datafield><datafield tag="500" ind1=" " ind2=" "><subfield code="a">Incipit: "الحمد لله عند تصاريف العبر وعند استماع التواريخ والسير ... بعد فلما كان في التواريخ والسير عبرة لمن اعتبر وتنبها لمن افتكر ... رأيت ان اجمع عن نقلة الاخبار وجملة الآثار تلخيص سير الاولين من الانبياء والمرسلين ... واخبرا الامم الماضية والقرون الخالية وما فيه من العجائب وما اودع الله فيها من الغرائب وسميته اخبار الدول و الاثار [اثار] الاول ..."</subfield></datafield><datafield tag="500" ind1=" " ind2=" "><subfield code="a">Title from 'title page' (p.5) and opening on p.6.</subfield></datafield><datafield tag="500" ind1=" " ind2=" "><subfield code="a">Ms. composite codex.</subfield></datafield><datafield tag="510" ind1="4" ind2=" "><subfield code="a">Ḥājjī Khalīfah. Kashf al-ẓunūn,</subfield><subfield code="c">i 186</subfield></datafield><datafield tag="510" ind1="4" ind2=" "><subfield code="a">Brockelmann, C. GAL,</subfield><subfield code="c">II 301</subfield></datafield><datafield tag="520" ind1="8" ind2=" "><subfield code="a">Fine composite copy of the historical work by Aḥmad ibn Yūsuf al-Dimashqī al-Qaramānī (Ahmet Çelebi) based mainly on the Taʼrīkh of al-Jannābī (d.1590). Table of contents on added bifolium at opening of codex.</subfield></datafield><datafield tag="538" ind1=" " ind2=" "><subfield code="a">Mode of access: Internet.</subfield></datafield><datafield tag="541" ind1=" " ind2=" "><subfield code="a">Acquired in 1926 from the bookseller Isaac Benjamin S.E. Yahuda via purchase transacted on his behalf by Abraham Shalom Yahuda (1877-1951), his younger brother.</subfield></datafield><datafield tag="546" ind1=" " ind2=" "><subfield code="a">Arabic.</subfield></datafield><datafield tag="561" ind1=" " ind2=" "><subfield code="a">Several former owners' marks on 'title page' (p.5) including gift / presentation statement in name of al-Sayyid Hibat Allāh (Seyit Hibetullah ; السيد هبة الله ), mufti in Ṭarābulus al-Shām (Tripoli), who bestowed the book on al-Sayyid Sulaymān Afandī (Süleyman Efendi ; السيد سليمان افندى ), statement reads "هذا الكتاب هبة شرعية من الفقير السيد هبة الله المفتي بطرابلس الشام لمولانا السيد سليمان افندي دام في حراسة المعيد المبدي آمين" and an ownership / purchase statement dated 1135 [1722 or 3] in name of Muḥammad ibn Muṣṭafá Shuʻayb al-Ḥanafī al-Shādhilī (Mehmet bin Mustafa Şuayip), statement reads "دخل هذا الكتاب ... بالبيع الى العبد الفقير راجي لطف عالم الغيب محمد ابن مصطفى شعيب مذهبا حنفي الشاذلي طريقة عفي الله عنه وعن اخوانه آمين" م سنة ۱۱۳٥" ; glosses and marginal corrections.</subfield></datafield><datafield tag="600" ind1="1" ind2="0"><subfield code="a">Jannābī, Muṣṭafá ibn Ḥasan,</subfield><subfield code="d">1533 or 1534-1590 or 1591.</subfield><subfield code="t">Taʼrīkh al-Jannābī.</subfield></datafield><datafield tag="650" ind1=" " ind2="0"><subfield code="a">Manuscripts, Arabic</subfield><subfield code="z">Michigan</subfield><subfield code="z">Ann Arbor.</subfield></datafield><datafield tag="650" ind1=" " ind2="0"><subfield code="a">Islam</subfield><subfield code="x">History</subfield><subfield code="v">Early works to 1800.</subfield></datafield><datafield tag="650" ind1=" " ind2="0"><subfield code="a">World history</subfield><subfield code="v">Early works to 1800.</subfield></datafield><datafield tag="651" ind1=" " ind2="0"><subfield code="a">Islamic Empire</subfield><subfield code="x">History</subfield><subfield code="v">Early works to 1800.</subfield></datafield><datafield tag="700" ind1="0" ind2=" "><subfield code="6">880-05</subfield><subfield code="a">Muḥammad ibn Muṣṭafá Shuʻayb,</subfield><subfield code="d">fl. 1722,</subfield><subfield code="e">former owner.</subfield></datafield><datafield tag="773" ind1="0" ind2=" "><subfield code="a">Yahuda Collection.</subfield></datafield><datafield tag="880" ind1="0" ind2=" "><subfield code="6">700-05/</subfield><subfield code="a">محمد بن مصطفى شعيب،</subfield><subfield code="e">مالك سابق.</subfield></datafield><datafield tag="880" ind1="1" ind2="0"><subfield code="6">245-03/</subfield><subfield code="a">كتاب اخبار الدول وآثار الاول,</subfield><subfield code="f">[اواخر القرن 17م او اوائل القرن 18م؟ و 1222ه، 1807 او 1808م].</subfield></datafield><datafield tag="880" ind1="1" ind2="0"><subfield code="6">240-02/</subfield><subfield code="a">اخبار الدول وآثار الاول</subfield></datafield><datafield tag="880" ind1="1" ind2=" "><subfield code="6">100-01/</subfield><subfield code="a">قرماني، احمد بن يوسف.</subfield></datafield><datafield tag="CID" ind1=" " ind2=" "><subfield code="a">006805277</subfield></datafield><datafield tag="DAT" ind1="0" ind2=" "><subfield code="a">20190719102637.0</subfield><subfield code="b">20190719000000.0</subfield></datafield><datafield tag="DAT" ind1="1" ind2=" "><subfield code="a">20190719090653.0</subfield><subfield code="b">2019-07-19T16:11:39Z</subfield></datafield><datafield tag="DAT" ind1="2" ind2=" "><subfield code="a">2015-10-02T18:00:03Z</subfield></datafield><datafield tag="CAT" ind1=" " ind2=" "><subfield code="a">SDR-MIU</subfield><subfield code="d">EX LIBRIS - ALEPH</subfield><subfield code="l">prepare.pl-004-008</subfield></datafield><datafield tag="FMT" ind1=" " ind2=" "><subfield code="a">BK</subfield></datafield><datafield tag="HOL" ind1=" " ind2=" "><subfield code="0">sdr-miu006805277</subfield><subfield code="a">MiU</subfield><subfield code="b">SDR</subfield><subfield code="c">MIU</subfield><subfield code="p">mdp.39015079127182</subfield><subfield code="s">MIU</subfield><subfield code="1">006805277</subfield></datafield><datafield tag="974" ind1=" " ind2=" "><subfield code="b">MIU</subfield><subfield code="c">MIU</subfield><subfield code="d">20190719</subfield><subfield code="s">lit-dlps-dc</subfield><subfield code="u">mdp.39015079127182</subfield><subfield code="y">1807</subfield><subfield code="r">pd</subfield><subfield code="q">bib</subfield><subfield code="t">non-US bib date2, date type m &lt; 1896</subfield></datafield></record></collection>